<record><leader>00000cas a22000007a 4500</leader><controlfield tag="001">20113399</controlfield><controlfield tag="008">890802d18761878pauwr ne      0    0eng d</controlfield><datafield ind1=" " ind2=" " tag="010"><subfield code="a">sn 89077235 </subfield></datafield><datafield ind1=" " ind2=" " tag="040"><subfield code="a">NPH</subfield><subfield code="b">eng</subfield><subfield code="c">NPH</subfield><subfield code="d">OCLCQ</subfield></datafield><datafield ind1=" " ind2=" " tag="042"><subfield code="a">msc</subfield></datafield><datafield ind1="0" ind2=" " tag="130"><subfield code="a">Saturday local (Chambersburg, Pa.)</subfield></datafield><datafield ind1="1" ind2="0" tag="245"><subfield code="a">Saturday local.</subfield></datafield><datafield ind1=" " ind2=" " tag="260"><subfield code="a">Chambersburg, Pa. :</subfield><subfield code="b">Joseph Pomeroy &amp; Co.,</subfield><subfield code="c">1876-1878.</subfield></datafield><datafield ind1=" " ind2=" " tag="300"><subfield code="a">v. ;</subfield><subfield code="c">58 cm.</subfield></datafield><datafield ind1=" " ind2=" " tag="310"><subfield code="a">Weekly</subfield></datafield><datafield ind1="0" ind2=" " tag="362"><subfield code="a">Vol. 1, no. 1 (Nov. 25, 1876)- ; -Nov. 16, 1878.</subfield></datafield><datafield ind1=" " ind2=" " tag="752"><subfield code="a">United States</subfield><subfield code="b">Pennsylvania</subfield><subfield code="c">Franklin</subfield><subfield code="d">Chambersburg.</subfield></datafield><datafield ind1="0" ind2="4" tag="785"><subfield code="t">Franklin repository (Chambersburg, Pa. : 1863 : Weekly)</subfield><subfield code="w">(DLC)sn 85054674</subfield></datafield></record>